@misc{site_treasure,
	title = {Daily Treasury Yield Curve Rates - The United States Government},
	key = {treasurerate},
	howpublished={\url{https://www.treasury.gov/resource-center/data-chart-center/interest-rates/Pages/TextView.aspx?data=yield}},
	note = {Accessed: 2020-11-20}
}